@INPROCEEDINGS{4516345, 
author={A. H. Rajpar and M. U. Keerio and A. Kawaja}, 
booktitle={2007 International Conference on Emerging Technologies}, 
title={Motion Planning of Humanoid Robot Arm for grasping task}, 
year={2007}, 
volume={}, 
number={}, 
pages={212-217}, 
keywords={humanoid robots;kinematics;manipulators;path planning;humanoid robot arm;manipulator configuration;motion planning;nonlinear programming;Control systems;Head;Humanoid robots;Manipulators;Motion control;Motion planning;Operating systems;Optimization methods;Robot kinematics;Robot vision systems;Inverse kinematics and trajectories;Transportation;course alignment}, 
doi={10.1109/ICET.2007.4516345}, 
ISSN={}, 
month={Nov},}

@INPROCEEDINGS{8025192, 
author={A. Rastegarpanah and N. Marturi and R. Stolkin}, 
booktitle={2017 IEEE Workshop on Advanced Robotics and its Social Impacts (ARSO)}, 
title={Autonomous vision-guided bi-manual grasping and manipulation}, 
year={2017}, 
volume={}, 
number={}, 
pages={1-7}, 
keywords={end effectors;grippers;human-robot interaction;manipulator kinematics;robot vision;telerobotics;trajectory control;visual servoing;arbitrary trajectories;arm motion control;arm positioning;asymmetric bimanual manipulation;asymmetric dual-arm manipulation task;autonomous vision-guided bimanual grasping;autonomous vision-guided bimanual manipulation;constant relative pose;dual-arm Baxter robot;dynamic position controller;end-effectors;grasp location;human intervention;human operator;human-robot collaboration experiment;image-based visual servoing scheme;kinematic tracking algorithm;master arm;master-slave manipulation system;slave arm;symmetric coordinated bimanual manipulation;Aerospace electronics;Manipulators;Robot kinematics;Tracking;Trajectory;Visualization}, 
doi={10.1109/ARSO.2017.8025192}, 
ISSN={}, 
month={March},}

@INPROCEEDINGS{7151321, 
author={M. M. Ali and H. Liu and R. Stoll and K. Thurow}, 
booktitle={2015 IEEE International Instrumentation and Measurement Technology Conference (I2MTC) Proceedings}, 
title={Arm grasping for mobile robot transportation using Kinect sensor and kinematic analysis}, 
year={2015}, 
volume={}, 
number={}, 
pages={516-521}, 
keywords={image colour analysis;image sensors;mechanical engineering computing;mobile robots;robot kinematics;transportation;6 DOF arms;H20 mobile robot;arm grasping;color segmentation algorithm;kinect sensor;kinematic analysis;laser sensor;mobile robot transportation;robotic arm;End effectors;Grasping;Joints;Kinematics;Mobile robots;Robot sensing systems;6-DOF robotic arm;Kinect sensor;arm repeatability;color segmentation;forward kinematic;object detection and localization}, 
doi={10.1109/I2MTC.2015.7151321}, 
ISSN={1091-5281}, 
month={May},}

@INPROCEEDINGS{6739654, 
author={H. Liu and N. Stoll and S. Junginger and K. Thurow}, 
booktitle={2013 IEEE International Conference on Robotics and Biomimetics (ROBIO)}, 
title={A new method for mobile robot arm blind grasping using ultrasonic sensors and Artificial Neural Networks}, 
year={2013}, 
volume={}, 
number={}, 
pages={1360-1364}, 
keywords={control engineering computing;learning (artificial intelligence);manipulators;mobile robots;neural nets;sensors;user interfaces;ANN;arm controlling component;artificial neural networks;indoor laboratory environments;laboratory automation;learning;mobile robot arm blind grasping;mobile robot transportation;real-time arm operations;robot base-front arm grasping tables distance measurement;training arm;training data;ultrasonic distance-joint controlling values nonlinear relationship;ultrasonic sensors;user interfaces;Artificial neural networks;Joints;Mobile robots;Robot sensing systems;Training;Transportation}, 
doi={10.1109/ROBIO.2013.6739654}, 
ISSN={}, 
month={Dec},}

@ARTICLE{1087115, 
author={L. Weiss and A. Sanderson and C. Neuman}, 
journal={IEEE Journal on Robotics and Automation}, 
title={Dynamic sensor-based control of robots with visual feedback}, 
year={1987}, 
volume={3}, 
number={5}, 
pages={404-417}, 
keywords={Robot vision systems;Robots, sensing systems;Actuators;Adaptive control;Feedback control;Image recognition;Image sensors;Performance analysis;Robot control;Robot kinematics;Robot sensing systems;Servosystems}, 
doi={10.1109/JRA.1987.1087115}, 
ISSN={0882-4967}, 
month={October},}

@ARTICLE{554347, 
author={R. Sharma and H. Sutanto}, 
journal={IEEE Transactions on Robotics and Automation}, 
title={A framework for robot motion planning with sensor constraints}, 
year={1997}, 
volume={13}, 
number={1}, 
pages={61-73}, 
keywords={image sequences;motion control;path planning;robot kinematics;robot vision;dynamic robotic task;image feature trajectories;image-based feature space;moving target interception;optimality criteria;perceptual control manifold;robot configuration space;robot end-effector;robot kinematics;robot motion planning;sensor constraints;vision-based planning technique;visual feedback;Feedback;Motion control;Motion planning;Optimal control;Orbital robotics;Phase change materials;Robot kinematics;Robot motion;Robot sensing systems;Trajectory}, 
doi={10.1109/70.554347}, 
ISSN={1042-296X}, 
month={Feb},}

@INPROCEEDINGS{844872, 
author={Youwei Fu and R. Sharma and M. Zeller}, 
booktitle={Proceedings 2000 ICRA. Millennium Conference. IEEE International Conference on Robotics and Automation. Symposia Proceedings (Cat. No.00CH37065)}, 
title={Vision-based motion planning for a robot arm using topology representing networks}, 
year={2000}, 
volume={2}, 
number={}, 
pages={1900-1905 vol.2}, 
keywords={manipulators;path planning;robot vision;self-organising feature maps;topology;Mitsubishi robot;PUMA robot;flexible obstacle avoidance;perceptual control manifold;robot arm;robot configuration space;topology preserving features;topology representing networks;vision-based motion planning;visual constraints;visual sensing;Calibration;Cameras;Motion planning;Network topology;Neural networks;Orbital robotics;Phase change materials;Robot motion;Robot sensing systems;Robot vision systems}, 
doi={10.1109/ROBOT.2000.844872}, 
ISSN={1050-4729}, 
month={},}

@ARTICLE{588194, 
author={M. Zeller and R. Sharma and K. Schulten}, 
journal={IEEE Control Systems}, 
title={Motion planning of a pneumatic robot using a neural network}, 
year={1997}, 
volume={17}, 
number={3}, 
pages={89-98}, 
keywords={neural nets;path planning;pneumatic control equipment;topology;uncertain systems;SoftArm;autonomous robot operation;diffusion-based path planning strategy;flexible obstacle avoidance;modeling uncertainty;motion planning;neural network;perceptual control manifold;pneumatic robot;pneumatically driven robot arm;robot configuration space;sensor-based robot motion planning;topology-preserving features;topology-representing-network algorithm;visual sensing;Motion control;Motion planning;Network topology;Neural networks;Orbital robotics;Path planning;Phase change materials;Robot sensing systems;Robot vision systems;Uncertainty}, 
doi={10.1109/37.588194}, 
ISSN={1066-033X}, 
month={June},}

@INPROCEEDINGS{6308189, 
author={K. T. Song and S. C. Tsai}, 
booktitle={2012 IEEE International Conference on Automation and Logistics}, 
title={Vision-based adaptive grasping of a humanoid robot arm}, 
year={2012}, 
volume={}, 
number={}, 
pages={155-160}, 
keywords={collision avoidance;humanoid robots;manipulators;motion control;robot vision;Kinect depth camera;SURF;depth image;gradient direction;humanoid robot arm;manipulator;motion control design;motion planning;obstacle avoidance;obstructed environment;six degree- of-freedom robot arm;speed up robust feature;target object;vision-based adaptive grasping;Force;Grasping;Indexes;Manipulators;Real-time systems;Trajectory;Grasping control;Kinect Sensor;safe operation;vision-based grasping;visual servo}, 
doi={10.1109/ICAL.2012.6308189}, 
ISSN={2161-8151}, 
month={Aug},}

@INPROCEEDINGS{7578727, 
author={Z. Wu and L. Liu and Y. An and J. Wu and H. Shao}, 
booktitle={2016 12th World Congress on Intelligent Control and Automation (WCICA)}, 
title={The intelligent robot arm based on sense of sight}, 
year={2016}, 
volume={}, 
number={}, 
pages={1229-1233}, 
keywords={industrial manipulators;intelligent robots;position control;robot vision;high precision robot arm;industrial robot arm system;intelligent robot arm;object positioning;object searching;sense of sight;traditional robot arm;vision system;Feature extraction;Image segmentation;Manipulators;Real-time systems;Robot kinematics;Service robots}, 
doi={10.1109/WCICA.2016.7578727}, 
ISSN={}, 
month={June},}

@INPROCEEDINGS{7367810, 
author={M. Mahdavian and M. Shariat-Panahi and A. Yousefi-Koma and A. Ghasemi-Toudeshki}, 
booktitle={2015 3rd RSI International Conference on Robotics and Mechatronics (ICROM)}, 
title={Optimal trajectory generation for energy consumption minimization and moving obstacle avoidance of a 4DOF robot arm}, 
year={2015}, 
volume={}, 
number={}, 
pages={353-358}, 
keywords={collision avoidance;genetic algorithms;humanoid robots;manipulator dynamics;manipulator kinematics;optimal control;polynomials;trajectory control;velocity control;4DOF robot arm;DOF manipulator;Lagrange method;MATLAB;SURENA III humanoid robot;constant velocity;energy consumption minimization;energy consumption optimization;explicit dynamics model;genetic algorithms toolbox;kinematic equations;linear path;moving spherical obstacle avoidance;optimal trajectory generation;quadratic polynomial;robot workspace;Manipulators;Mathematical model;Optimization;Sociology;Statistics;Trajectory;Genetic Algorithms;Minimal Energy Consumption;Optimization;SURENA III;Trajectory generation}, 
doi={10.1109/ICRoM.2015.7367810}, 
ISSN={}, 
month={Oct},}

@INPROCEEDINGS{7451596, 
author={Z. Mohamed and G. Capi}, 
booktitle={2015 IEEE International Symposium on Robotics and Intelligent Sensors (IRIS)}, 
title={Multi objective optimization of humanoid robot arm motion for obstacle avoidance}, 
year={2015}, 
volume={}, 
number={}, 
pages={111-114}, 
keywords={collision avoidance;dexterous manipulators;genetic algorithms;humanoid robots;motion control;neurocontrollers;MOGA;assistive humanoid robot;coordination strategy;humanoid robot arm motion;minimum arm acceleration function;minimum execution time function;minimum gripper distance function;motion generation;motion strategy;multiobjective genetic algorithm;multiobjective optimization;neural controller;obstacle avoidance;optimization problem;Kinematics;Robots;Shoulder;Humanoid Robot Arm Motion;Multi - Objective Optimization;Obstacle Avoidance}, 
doi={10.1109/IRIS.2015.7451596}, 
ISSN={}, 
month={Oct},}

@INPROCEEDINGS{6896430, 
author={Z. Ju and C. Yang and H. Ma}, 
booktitle={Proceedings of the 33rd Chinese Control Conference}, 
title={Kinematics modeling and experimental verification of baxter robot}, 
year={2014}, 
volume={}, 
number={}, 
pages={8518-8523}, 
keywords={humanoid robots;manipulator dynamics;manipulator kinematics;Baxter humanoid robot;Baxter robot experimental verification;Baxter robot kinematic modeling;DH notations;Denavit-Hartenburg notations;Matlab robotics toolbox;Rethink robotics;URDF file;dual-arm robot manipulation;robot dynamic model;vision based control;DH-HEMTs;Joints;Kinematics;Mathematical model;Robot kinematics;Transforms;Baxter® robot;DH convention;Simulink model}, 
doi={10.1109/ChiCC.2014.6896430}, 
ISSN={}, 
month={July},}